@book{Kogalovskij2013,
  Author = {M. R. Kogalovskij},
  Title = {Perspektivnye Tehnologii Informatsionnyh Sistem},
  Publisher = {Book on Demand Ltd.},
  Year = {2013},
  ISBN = {5940742009}
}